<record><leader>00000cas a22000007a 4500</leader><controlfield tag="001">34103290</controlfield><controlfield tag="008">960130d19881988okuwr n       0    0eng d</controlfield><datafield ind1=" " ind2=" " tag="010"><subfield code="a">sn 95076482 </subfield></datafield><datafield ind1=" " ind2=" " tag="040"><subfield code="a">OBN</subfield><subfield code="b">eng</subfield><subfield code="c">OBN</subfield><subfield code="d">OCLCQ</subfield><subfield code="d">OCLCF</subfield><subfield code="d">OCLCO</subfield></datafield><datafield ind1="1" ind2=" " tag="029"><subfield code="a">AU@</subfield><subfield code="b">000025861823</subfield></datafield><datafield ind1=" " ind2=" " tag="042"><subfield code="a">msc</subfield></datafield><datafield ind1=" " ind2=" " tag="043"><subfield code="a">n-us-ok</subfield></datafield><datafield ind1="0" ind2="0" tag="245"><subfield code="a">Mannford news journal.</subfield></datafield><datafield ind1="3" ind2=" " tag="246"><subfield code="a">News journal</subfield></datafield><datafield ind1=" " ind2=" " tag="260"><subfield code="a">Mannford, Okla. :</subfield><subfield code="b">Drumright Newspapers</subfield></datafield><datafield ind1=" " ind2=" " tag="300"><subfield code="a">v.</subfield></datafield><datafield ind1=" " ind2=" " tag="310"><subfield code="a">Weekly</subfield></datafield><datafield ind1="0" ind2=" " tag="362"><subfield code="a">Vol. 69, no. 12 (Mar. 23, 1988)-v. 69, no. 17 (Apr. 27, 1988).</subfield></datafield><datafield ind1=" " ind2="0" tag="651"><subfield code="a">Mannford (Okla.)</subfield><subfield code="v">Newspapers.</subfield></datafield><datafield ind1=" " ind2="0" tag="651"><subfield code="a">Creek County (Okla.)</subfield><subfield code="v">Newspapers.</subfield></datafield><datafield ind1=" " ind2="7" tag="655"><subfield code="a">Newspapers.</subfield><subfield code="2">fast</subfield><subfield code="0">(OCoLC)fst01423814</subfield></datafield><datafield ind1=" " ind2="7" tag="651"><subfield code="a">Oklahoma</subfield><subfield code="z">Creek County.</subfield><subfield code="2">fast</subfield><subfield code="0">(OCoLC)fst01221598</subfield></datafield><datafield ind1=" " ind2="7" tag="651"><subfield code="a">Oklahoma</subfield><subfield code="z">Mannford.</subfield><subfield code="2">fast</subfield><subfield code="0">(OCoLC)fst01889113</subfield></datafield><datafield ind1=" " ind2=" " tag="752"><subfield code="a">United States</subfield><subfield code="b">Oklahoma</subfield><subfield code="c">Creek</subfield><subfield code="d">Mannford.</subfield></datafield><datafield ind1="0" ind2=" " tag="775"><subfield code="t">Drumright news journal</subfield><subfield code="w">(DLC)sn 95076478</subfield></datafield><datafield ind1="0" ind2="0" tag="780"><subfield code="t">Lake Keystone news journal</subfield><subfield code="w">(DLC)sn 95076481</subfield><subfield code="w">(OCoLC)34103058</subfield></datafield><datafield ind1="0" ind2="0" tag="785"><subfield code="t">Mannford/Lake Keystone journal</subfield><subfield code="w">(DLC)sn 95076483</subfield><subfield code="w">(OCoLC)34103365</subfield></datafield></record>